@article{englert2017top,
  title={Top quark electroweak couplings at future lepton colliders},
  author={Englert, Christoph and Russell, Michael},
  journal={The European Physical Journal C},
  volume={77},
  number={8},
  pages={1--11},
  year={2017},
  publisher={Springer}
}

@article{Alwall_2014,
   title={The automated computation of tree-level and next-to-leading order differential cross sections, and their matching to parton shower simulations},
   volume={2014},
   ISSN={1029-8479},
   url={http://dx.doi.org/10.1007/JHEP07(2014)079},
   DOI={10.1007/jhep07(2014)079},
   number={7},
   journal={Journal of High Energy Physics},
   publisher={Springer Science and Business Media LLC},
   author={Alwall, J. and Frederix, R. and Frixione, S. and Hirschi, V. and Maltoni, F. and Mattelaer, O. and Shao, H.-S. and Stelzer, T. and Torrielli, P. and Zaro, M.},
   year={2014},
   month={Jul}
}

@article{ATLAS:2019hxz,
    author = "Aad, Georges and others",
    collaboration = "ATLAS",
    title = "{Measurements of top-quark pair differential and double-differential cross-sections in the $\ell$+jets channel with $pp$ collisions at $\sqrt{s}=13$ TeV using the ATLAS detector}",
    eprint = "1908.07305",
    archivePrefix = "arXiv",
    primaryClass = "hep-ex",
    reportNumber = "CERN-EP-2019-149",
    doi = "10.1140/epjc/s10052-019-7525-6",
    journal = "Eur. Phys. J. C",
    volume = "79",
    number = "12",
    pages = "1028",
    year = "2019",
    note = "[Erratum: Eur.Phys.J.C 80, 1092 (2020)]"
}

@misc{degrande2020automated,
      title={Automated one-loop computations in the SMEFT},
      author={Céline Degrande and Gauthier Durieux and Fabio Maltoni and Ken Mimasu and Eleni Vryonidou and Cen Zhang},
      year={2020},
      eprint={2008.11743},
      archivePrefix={arXiv},
      primaryClass={hep-ph}
}


@article{Grzadkowski_2010,
   title={Dimension-six terms in the Standard Model Lagrangian},
   volume={2010},
   ISSN={1029-8479},
   url={http://dx.doi.org/10.1007/JHEP10(2010)085},
   DOI={10.1007/jhep10(2010)085},
   number={10},
   journal={Journal of High Energy Physics},
   publisher={Springer Science and Business Media LLC},
   author={Grzadkowski, B. and Iskrzyński, M. and Misiak, M. and Rosiek, J.},
   year={2010},
   month={Oct}
}


@article{Hartland_2019,
   title={A Monte Carlo global analysis of the Standard Model Effective Field Theory: the top quark sector},
   volume={2019},
   ISSN={1029-8479},
   url={http://dx.doi.org/10.1007/JHEP04(2019)100},
   DOI={10.1007/jhep04(2019)100},
   number={4},
   journal={Journal of High Energy Physics},
   publisher={Springer Science and Business Media LLC},
   author={Hartland, Nathan P. and Maltoni, Fabio and Nocera, Emanuele R. and Rojo, Juan and Slade, Emma and Vryonidou, Eleni and Zhang, Cen},
   year={2019},
   month={Apr}
}
